@Book{si,
  title = {SI Chemical Data},
  publisher = {John Wiley and Sons Ltd},
  year = {2008},
  author = {Gordon Aylward \& Tristan Findlay},
}

@Book{labhefte-fysikalsk,
  title = {Prosjekter i fysikalsk kjemi grunnkurs},
  publisher = {Tapir Akademisk Forlag (Kompendieforlaget)},
  year = {2010},
  author = {Signe Kjelstrup},
}

@Book{crc.handbook,
  title = {CRC Handbook of Chemistry and Physics},
  publisher = {CRC Press},
  year = {2010-2011},
  editor = {W. M. Mickey Hayne},
  author = {CRC Press},
  edition = {91},
}

@Book{kreyszig,
  title = {Advanced Engineering Mathematics},
  publisher = {John Wiley and Sons, Inc},
  year = {2006},
  author = {Erwin Kreyszig},
  edition = {9},
}

@Book{prosessteknikk, 
  title = {Prosessteknikk},
  year = {2009},
  publisher = {Tapir akademisk forlag},
  author = {Sigurd Skogestad}, 
  edition = {3}
}

@Book{sommerville,
  author =  "Ian Sommerville",
  title = "Software Engineering",
  publisher = "Addison-Wesley",
  year =  "2011",
  edition = "9th",
} 

@Book{chivers-sleightholme,
  author = {Ian D. Chivers \& Jane Sleightholme},
  title = {Introduction to Programming with Fortran},
  year = {2006},
  publisher = {Springer}
}

@Book{clerman-spector,
  author = {Norman S. Clerman \& Walter Spector},
  title = {Modern Fortran: Style and Usage},
  year = {2012},
  publisher = {Cambridge University Press}
}







@Booklet{tpg4115labhefte,
  title = {Experimental Reservoir Engineering Laboratory Workbook},
  author = {O. Tors√¶ter \& M. Abtahi},
  year = {2003},
  publisher = {Department of Petroleum engineering and Applied Geophysics - Norwegian University of Science and Technology}
}

@Booklet{labhefte,
  title = {Laboratorieeksperimenter i Organisk Kjemi},
  author = {Per Carlsen},
  year = {2002},
}

@Booklet{systemutvikling-kompendium,
  title = {TDT4140 Systemutvikling Kompendium},
  author = {Vegard Aas},
  year = {2002}
}






@MISC{reaxys,
	title = {Reaxys},
  year = {2011},
	howpublished = {\url{http://www.reaxys.com/reaxys}}
}

@MISC{gltutorial,
	title = {Programming OpenGL in Linux: GLX and Xlib},
	year = {2013},
	howpublished = {\url{http://www.opengl.org/wiki/Programming\_OpenGL\_in\_Linux:\_GLX\_and\_Xlib}}
}
